<record><leader>00000cas a2200000 a 4500</leader><controlfield tag="001">28396265</controlfield><controlfield tag="008">930708d19011902iluwr ne      0   a0eng c</controlfield><datafield ind1=" " ind2=" " tag="010"><subfield code="a">sn 93055744 </subfield></datafield><datafield ind1=" " ind2=" " tag="040"><subfield code="a">NVF</subfield><subfield code="b">eng</subfield><subfield code="c">NVF</subfield><subfield code="d">NVF</subfield><subfield code="d">OCLCF</subfield><subfield code="d">OCLCO</subfield></datafield><datafield ind1="1" ind2=" " tag="029"><subfield code="a">AU@</subfield><subfield code="b">000020744926</subfield></datafield><datafield ind1=" " ind2=" " tag="042"><subfield code="a">pcc</subfield></datafield><datafield ind1=" " ind2=" " tag="043"><subfield code="a">n-us-il</subfield></datafield><datafield ind1="0" ind2=" " tag="130"><subfield code="a">Calhoun times (Batchtown, Ill.)</subfield></datafield><datafield ind1="1" ind2="4" tag="245"><subfield code="a">The Calhoun times.</subfield></datafield><datafield ind1=" " ind2=" " tag="260"><subfield code="a">Batchtown, Ill. :</subfield><subfield code="b">H.M. Cornick and S.A. White</subfield></datafield><datafield ind1=" " ind2=" " tag="300"><subfield code="a">v.</subfield></datafield><datafield ind1=" " ind2=" " tag="310"><subfield code="a">Weekly</subfield></datafield><datafield ind1="1" ind2=" " tag="362"><subfield code="a">Began in 1901.</subfield></datafield><datafield ind1="0" ind2=" " tag="362"><subfield code="a">-v. 1, no. 41 (Apr. 3, 1902).</subfield></datafield><datafield ind1=" " ind2=" " tag="580"><subfield code="a">Merged with: Calhoun herald (Hardin, Ill. : 1873), to form: Calhoun times-herald.</subfield></datafield><datafield ind1=" " ind2=" " tag="588"><subfield code="a">Description based on: Vol. 1, no. 24 (Nov. 21, 1901).</subfield></datafield><datafield ind1=" " ind2="0" tag="651"><subfield code="a">Batchtown (Ill.)</subfield><subfield code="v">Newspapers.</subfield></datafield><datafield ind1=" " ind2="0" tag="651"><subfield code="a">Calhoun County (Ill.)</subfield><subfield code="v">Newspapers.</subfield></datafield><datafield ind1=" " ind2="7" tag="655"><subfield code="a">Newspapers.</subfield><subfield code="2">fast</subfield><subfield code="0">(OCoLC)fst01423814</subfield></datafield><datafield ind1=" " ind2="7" tag="651"><subfield code="a">Illinois</subfield><subfield code="z">Batchtown.</subfield><subfield code="2">fast</subfield><subfield code="0">(OCoLC)fst01294332</subfield></datafield><datafield ind1=" " ind2="7" tag="651"><subfield code="a">Illinois</subfield><subfield code="z">Calhoun County.</subfield><subfield code="2">fast</subfield><subfield code="0">(OCoLC)fst01214771</subfield></datafield><datafield ind1=" " ind2=" " tag="752"><subfield code="a">United States</subfield><subfield code="b">Illinois</subfield><subfield code="c">Calhoun</subfield><subfield code="d">Batchtown.</subfield></datafield><datafield ind1="1" ind2="7" tag="785"><subfield code="t">Calhoun herald (Hardin, Ill. : 1873)</subfield><subfield code="w">(DLC)sn 93055743</subfield><subfield code="w">(OCoLC)28396197</subfield></datafield><datafield ind1="1" ind2="7" tag="785"><subfield code="t">Calhoun times-herald</subfield><subfield code="w">(DLC)sn 93055745</subfield><subfield code="w">(OCoLC)28396319</subfield></datafield></record>